<?xml version="1.0" encoding="UTF-8"?><record xmlns="http://www.loc.gov/MARC21/slim" xmlns:cinclude="http://apache.org/cocoon/include/1.0" xmlns:zs="http://www.loc.gov/zing/srw/">
  <leader>00632cz  a2200133n  4500</leader>
  <controlfield tag="001">n  98016967 </controlfield>
  <controlfield tag="003">DLC</controlfield>
  <controlfield tag="005">20120808083910.0</controlfield>
  <controlfield tag="008">980223n| acannaab           |n ana      </controlfield>
  <datafield tag="010" ind1=" " ind2=" ">
    <subfield code="a">n  98016967 </subfield>
  </datafield>
  <datafield tag="040" ind1=" " ind2=" ">
    <subfield code="a">DLC</subfield>
    <subfield code="b">eng</subfield>
    <subfield code="c">DLC</subfield>
    <subfield code="d">DLC</subfield>
  </datafield>
  <datafield tag="111" ind1="2" ind2=" ">
    <subfield code="a">Seminario-Taller Derecho Internacional Humanitario y Conflicto Armado en Colombia</subfield>
    <subfield code="d">(1995 :</subfield>
    <subfield code="c">Leiva, BoyacaĚ, Colombia)</subfield>
  </datafield>
  <datafield tag="667" ind1=" " ind2=" ">
    <subfield code="a">THIS 1XX FIELD CANNOT BE USED UNDER RDA UNTIL THIS RECORD HAS BEEN REVIEWED AND/OR UPDATED</subfield>
  </datafield>
  <datafield tag="670" ind1=" " ind2=" ">
    <subfield code="a">Humanizar la guerra, 1996:</subfield>
    <subfield code="b">p. 7 (Seminario-Taller Derecho Internacional Humanitario y Conflicto Armado en Colombia; held in Villa de Leyva, Nov. 30, Dec. 1, 2)</subfield>
  </datafield>
</record>